@inproceedings{polzehl2015robustness,
  title={Robustness in speech quality assessment and temporal training expiry in mobile crowdsourcing environments},
  author={Polzehl, Tim and Naderi, Babak and K{\"o}ster, Friedemann and M{\"o}ller, Sebastian},
  booktitle={Sixteenth Annual Conference of the International Speech Communication Association},
  year={2015}
}

@article{rouse2010preliminary,
  title={A preliminary taxonomy of crowdsourcing},
  author={Rouse, Anne C},
  journal={ACIS 2010 Proceedings},
  volume={76},
  pages={1--10},
  year={2010}
}
***********************

@inproceedings{shi2021emformer,
  title={Emformer: Efficient memory transformer based acoustic model for low latency streaming speech recognition},
  author={Shi, Yangyang and Wang, Yongqiang and Wu, Chunyang and Yeh, Ching-Feng and Chan, Julian and Zhang, Frank and Le, Duc and Seltzer, Mike},
  booktitle={ICASSP 2021-2021 IEEE International Conference on Acoustics, Speech and Signal Processing (ICASSP)},
  pages={6783--6787},
  year={2021},
  organization={IEEE}
}

@article{yeh2019transformer,
  title={Transformer-transducer: End-to-end speech recognition with self-attention},
  author={Yeh, Ching-Feng and Mahadeokar, Jay and Kalgaonkar, Kaustubh and Wang, Yongqiang and Le, Duc and Jain, Mahaveer and Schubert, Kjell and Fuegen, Christian and Seltzer, Michael L},
  journal={arXiv preprint arXiv:1910.12977},
  year={2019}
}



@misc{benesty2008automatic,
  title={Automatic speech recognition: A deep learning approach},
  author={Benesty, J and Chen, J and Huang, Y},
  year={2008},
  publisher={Springer Berlin Heidelberg, New York, USA}
}


@article{vaswani2017attention,
  title={Attention is all you need},
  author={Vaswani, Ashish and Shazeer, Noam and Parmar, Niki and Uszkoreit, Jakob and Jones, Llion and Gomez, Aidan N and Kaiser, {\L}ukasz and Polosukhin, Illia},
  journal={Advances in neural information processing systems},
  volume={30},
  year={2017}
}
 
 
 @article{dai2019transformer,
  title={Transformer-xl: Attentive language models beyond a fixed-length context},
  author={Dai, Zihang and Yang, Zhilin and Yang, Yiming and Carbonell, Jaime and Le, Quoc V and Salakhutdinov, Ruslan},
  journal={arXiv preprint arXiv:1901.02860},
  year={2019}
}

@article{devlin2018bert,
  title={Bert: Pre-training of deep bidirectional transformers for language understanding},
  author={Devlin, Jacob and Chang, Ming-Wei and Lee, Kenton and Toutanova, Kristina},
  journal={arXiv preprint arXiv:1810.04805},
  year={2018}
}


@article{raffel2020exploring,
  title={Exploring the limits of transfer learning with a unified text-to-text transformer.},
  author={Raffel, Colin and Shazeer, Noam and Roberts, Adam and Lee, Katherine and Narang, Sharan and Matena, Michael and Zhou, Yanqi and Li, Wei and Liu, Peter J and others},
  journal={J. Mach. Learn. Res.},
  volume={21},
  number={140},
  pages={1--67},
  year={2020}
}


@inproceedings{salazar2019self,
  title={Self-attention networks for connectionist temporal classification in speech recognition},
  author={Salazar, Julian and Kirchhoff, Katrin and Huang, Zhiheng},
  booktitle={Icassp 2019-2019 ieee international conference on acoustics, speech and signal processing (icassp)},
  pages={7115--7119},
  year={2019},
  organization={IEEE}
}



@article{zhang2020faster,
  title={Faster, simpler and more accurate hybrid asr systems using wordpieces},
  author={Zhang, Frank and Wang, Yongqiang and Zhang, Xiaohui and Liu, Chunxi and Saraf, Yatharth and Zweig, Geoffrey},
  journal={arXiv preprint arXiv:2005.09150},
  year={2020}
}


@inproceedings{dong2018speech,
  title={Speech-transformer: a no-recurrence sequence-to-sequence model for speech recognition},
  author={Dong, Linhao and Xu, Shuang and Xu, Bo},
  booktitle={2018 IEEE International Conference on Acoustics, Speech and Signal Processing (ICASSP)},
  pages={5884--5888},
  year={2018},
  organization={IEEE}
}

@inproceedings{karita2019comparative,
  title={A comparative study on transformer vs rnn in speech applications},
  author={Karita, Shigeki and Chen, Nanxin and Hayashi, Tomoki and Hori, Takaaki and Inaguma, Hirofumi and Jiang, Ziyan and Someki, Masao and Soplin, Nelson Enrique Yalta and Yamamoto, Ryuichi and Wang, Xiaofei and others},
  booktitle={2019 IEEE Automatic Speech Recognition and Understanding Workshop (ASRU)},
  pages={449--456},
  year={2019},
  organization={IEEE}
}

@article{sperber2018self,
  title={Self-attentional acoustic models},
  author={Sperber, Matthias and Niehues, Jan and Neubig, Graham and St{\"u}ker, Sebastian and Waibel, Alex},
  journal={arXiv preprint arXiv:1803.09519},
  year={2018}
}




@article{zhou2018syllable,
  title={Syllable-based sequence-to-sequence speech recognition with the transformer in mandarin chinese},
  author={Zhou, Shiyu and Dong, Linhao and Xu, Shuang and Xu, Bo},
  journal={arXiv preprint arXiv:1804.10752},
  year={2018}
}


@article{wang2020low,
  title={Low latency end-to-end streaming speech recognition with a scout network},
  author={Wang, Chengyi and Wu, Yu and Liu, Shujie and Li, Jinyu and Lu, Liang and Ye, Guoli and Zhou, Ming},
  journal={arXiv preprint arXiv:2003.10369},
  year={2020}
}

@inproceedings{zhang2020transformer,
  title={Transformer transducer: A streamable speech recognition model with transformer encoders and rnn-t loss},
  author={Zhang, Qian and Lu, Han and Sak, Hasim and Tripathi, Anshuman and McDermott, Erik and Koo, Stephen and Kumar, Shankar},
  booktitle={ICASSP 2020-2020 IEEE International Conference on Acoustics, Speech and Signal Processing (ICASSP)},
  pages={7829--7833},
  year={2020},
  organization={IEEE}
}
 

@article{gulati2020conformer,
  title={Conformer: Convolution-augmented transformer for speech recognition},
  author={Gulati, Anmol and Qin, James and Chiu, Chung-Cheng and Parmar, Niki and Zhang, Yu and Yu, Jiahui and Han, Wei and Wang, Shibo and Zhang, Zhengdong and Wu, Yonghui and others},
  journal={arXiv preprint arXiv:2005.08100},
  year={2020}
}

@inproceedings{povey2018time,
  title={A time-restricted self-attention layer for ASR},
  author={Povey, Daniel and Hadian, Hossein and Ghahremani, Pegah and Li, Ke and Khudanpur, Sanjeev},
  booktitle={2018 IEEE International Conference on Acoustics, Speech and Signal Processing (ICASSP)},
  pages={5874--5878},
  year={2018},
  organization={IEEE}
}


@inproceedings{wang2020transformer,
  title={Transformer-based acoustic modeling for hybrid speech recognition},
  author={Wang, Yongqiang and Mohamed, Abdelrahman and Le, Due and Liu, Chunxi and Xiao, Alex and Mahadeokar, Jay and Huang, Hongzhao and Tjandra, Andros and Zhang, Xiaohui and Zhang, Frank and others},
  booktitle={ICASSP 2020-2020 IEEE International Conference on Acoustics, Speech and Signal Processing (ICASSP)},
  pages={6874--6878},
  year={2020},
  organization={IEEE}
}


@article{karthick2022speaker,
  title={Speaker adaptation for Wav2vec2 based dysarthric ASR},
  author={Karthick Baskar, Murali and Herzig, Tim and Nguyen, Diana and Diez, Mireia and Polzehl, Tim and Burget, Luk{\'a}{\v{s}} and Honza''{\v{C}}ernock{\`y}, Jan},
  journal={arXiv e-prints},
  pages={arXiv--2204},
  year={2022}
}


 
 @inproceedings{markert21_spsc,
  author={Karla Markert and Romain Parracone and Mykhailo Kulakov and Philip Sperl and Ching-Yu Kao and Konstantin Böttinger},
  title={{Visualizing Automatic Speech Recognition – Means for a Better Understanding?}},
  year=2021,
  booktitle={Proc. 2021 ISCA Symposium on Security and Privacy in Speech Communication},
  pages={14--20},
  doi={10.21437/SPSC.2021-4}
}

@inproceedings{markert21b_spsc,
  author={Karla Markert and Donika Mirdita and Konstantin Böttinger},
  title={{Language Dependencies in Adversarial Attacks on Speech Recognition Systems}},
  year=2021,
  booktitle={Proc. 2021 ISCA Symposium on Security and Privacy in Speech Communication},
  pages={25--31},
  doi={10.21437/SPSC.2021-6}
}


@article{lu2020exploring,
  title={Exploring transformers for large-scale speech recognition},
  author={Lu, Liang and Liu, Changliang and Li, Jinyu and Gong, Yifan},
  journal={arXiv preprint arXiv:2005.09684},
  year={2020}
}




@article{wu2020streaming,
  title={Streaming transformer-based acoustic models using self-attention with augmented memory},
  author={Wu, Chunyang and Wang, Yongqiang and Shi, Yangyang and Yeh, Ching-Feng and Zhang, Frank},
  journal={arXiv preprint arXiv:2005.08042},
  year={2020}
}



@inproceedings{chen2021developing,
  title={Developing real-time streaming transformer transducer for speech recognition on large-scale dataset},
  author={Chen, Xie and Wu, Yu and Wang, Zhenghao and Liu, Shujie and Li, Jinyu},
  booktitle={ICASSP 2021-2021 IEEE International Conference on Acoustics, Speech and Signal Processing (ICASSP)},
  pages={5904--5908},
  year={2021},
  organization={IEEE}
}

@article{hu2019adversarial,
  title={Adversarial examples for automatic speech recognition: Attacks and countermeasures},
  author={Hu, Shengshan and Shang, Xingcan and Qin, Zhan and Li, Minghui and Wang, Qian and Wang, Cong},
  journal={IEEE Communications Magazine},
  volume={57},
  number={10},
  pages={120--126},
  year={2019},
  publisher={IEEE}
}



@inproceedings{abdullah2021sok,
  title={Sok: The faults in our asrs: An overview of attacks against automatic speech recognition and speaker identification systems},
  author={Abdullah, Hadi and Warren, Kevin and Bindschaedler, Vincent and Papernot, Nicolas and Traynor, Patrick},
  booktitle={2021 IEEE symposium on security and privacy (SP)},
  pages={730--747},
  year={2021},
  organization={IEEE}
}



@inproceedings{mitev2020leakypick,
  title={Leakypick: Iot audio spy detector},
  author={Mitev, Richard and Pazii, Anna and Miettinen, Markus and Enck, William and Sadeghi, Ahmad-Reza},
  booktitle={Annual Computer Security Applications Conference},
  pages={694--705},
  year={2020}
}


@inproceedings{carlini2018audio,
  title={Audio adversarial examples: Targeted attacks on speech-to-text},
  author={Carlini, Nicholas and Wagner, David},
  booktitle={2018 IEEE security and privacy workshops (SPW)},
  pages={1--7},
  year={2018},
  organization={IEEE}
}




@inproceedings{asyrofi2020crossasr,
  title={Crossasr: Efficient differential testing of automatic speech recognition via text-to-speech},
  author={Asyrofi, Muhammad Hilmi and Thung, Ferdian and Lo, David and Jiang, Lingxiao},
  booktitle={2020 IEEE International Conference on Software Maintenance and Evolution (ICSME)},
  pages={640--650},
  year={2020},
  organization={IEEE}
}




@article{markert2022language,
  title={Language Dependencies in Adversarial Attacks on Speech Recognition Systems},
  author={Markert, Karla and Mirdita, Donika and B{\"o}ttinger, Konstantin},
  journal={arXiv preprint arXiv:2202.00399},
  year={2022}
}



@article{michel2019evaluation,
  title={On evaluation of adversarial perturbations for sequence-to-sequence models},
  author={Michel, Paul and Li, Xian and Neubig, Graham and Pino, Juan Miguel},
  journal={arXiv preprint arXiv:1903.06620},
  year={2019}
}

@article{ancona2017towards,
  title={Towards better understanding of gradient-based attribution methods for deep neural networks},
  author={Ancona, Marco and Ceolini, Enea and {\"O}ztireli, Cengiz and Gross, Markus},
  journal={arXiv preprint arXiv:1711.06104},
  year={2017}
}

@inproceedings{sundararajan2017axiomatic,
  title={Axiomatic attribution for deep networks},
  author={Sundararajan, Mukund and Taly, Ankur and Yan, Qiqi},
  booktitle={International conference on machine learning},
  pages={3319--3328},
  year={2017},
  organization={PMLR}
}






@inproceedings{qin2019imperceptible,
  title={Imperceptible, robust, and targeted adversarial examples for automatic speech recognition},
  author={Qin, Yao and Carlini, Nicholas and Cottrell, Garrison and Goodfellow, Ian and Raffel, Colin},
  booktitle={International conference on machine learning},
  pages={5231--5240},
  year={2019},
  organization={PMLR}
}



@inproceedings{dorr2020towards,
  title={Towards resistant audio adversarial examples},
  author={D{\"o}rr, Tom and Markert, Karla and M{\"u}ller, Nicolas M and B{\"o}ttinger, Konstantin},
  booktitle={Proceedings of the 1st ACM Workshop on Security and Privacy on Artificial Intelligence},
  pages={3--10},
  year={2020}
}



@article{castro2009polynomial,
  title={Polynomial calculation of the Shapley value based on sampling},
  author={Castro, Javier and G{\'o}mez, Daniel and Tejada, Juan},
  journal={Computers \& Operations Research},
  volume={36},
  number={5},
  pages={1726--1730},
  year={2009},
  publisher={Elsevier}
}


@article{simonyan2013deep,
  title={Deep inside convolutional networks: Visualising image classification models and saliency maps},
  author={Simonyan, Karen and Vedaldi, Andrea and Zisserman, Andrew},
  journal={arXiv preprint arXiv:1312.6034},
  year={2013}
}


@inproceedings{do18_interspeech,
  author={Cong-Thanh Do and Yannis Stylianou},
  title={{Weighting Time-Frequency Representation of Speech Using Auditory Saliency for Automatic Speech Recognition}},
  year=2018,
  booktitle={Proc. Interspeech 2018},
  pages={1591--1595},
  doi={10.21437/Interspeech.2018-1721}
}

@article{schulth2022detecting,
  title={Detecting Backdoor Poisoning Attacks on Deep Neural Networks by Heatmap Clustering},
  author={Schulth, Lukas and Berghoff, Christian and Neu, Matthias},
  journal={arXiv preprint arXiv:2204.12848},
  year={2022}
}

@inproceedings{ge22_odyssey,
  author={Wanying Ge and Massimiliano Todisco and Nicholas Evans},
  title={{Explainable Deepfake and Spoofing Detection: An Attack Analysis Using SHapley Additive exPlanations}},
  year=2022,
  booktitle={Proc. The Speaker and Language Recognition Workshop (Odyssey 2022)},
  pages={70--76},
  doi={10.21437/Odyssey.2022-10}
}

@inproceedings{pan20_interspeech,
  author={Jing Pan and Joshua Shapiro and Jeremy Wohlwend and Kyu J. Han and Tao Lei and Tao Ma},
  title={{ASAPP-ASR: Multistream CNN and Self-Attentive SRU for SOTA Speech Recognition}},
  year=2020,
  booktitle={Proc. Interspeech 2020},
  pages={16--20},
  doi={10.21437/Interspeech.2020-2947}
}




@inproceedings{agarwal2019german,
  title={German End-to-end Speech Recognition based on DeepSpeech.},
  author={Agarwal, Aashish and Zesch, Torsten},
  booktitle={KONVENS},
  year={2019}
}

@inproceedings{alibegovic2020speech,
  title={Speech recognition system for a service robot-a performance evaluation},
  author={Alibegovi{\'c}, Besim and Prlja{\v{c}}a, Naser and Kimmel, Melanie and Schultalbers, Matthias},
  booktitle={2020 16th International Conference on Control, Automation, Robotics and Vision (ICARCV)},
  pages={1171--1176},
  year={2020},
  organization={IEEE}
}

@article{kleinert2021easy,
  title={Easy Adaptation of Speech Recognition to Different Air Traffic Control Environments using the DeepSpeech Engine},
  author={Kleinert, Matthias and Venkatarathinam, Narasimman and Helmke, Hartmut and Ohneiser, Oliver and Strake, Maximilian and Fingscheidt, Tim},
  year={2021}
}



@inproceedings{manepalli2021dyn,
  title={Dyn-Asr: Compact, Multilingual Speech Recognition Via Spoken Language And Accent Identification},
  author={Manepalli, Sangeeta Ghangam and Whitenack, Daniel and Nemecek, Joshua},
  booktitle={2021 IEEE 7th World Forum on Internet of Things (WF-IoT)},
  pages={830--835},
  year={2021},
  organization={IEEE}
}


@article{baevski2019vq,
  title={vq-wav2vec: Self-supervised learning of discrete speech representations},
  author={Baevski, Alexei and Schneider, Steffen and Auli, Michael},
  journal={arXiv preprint arXiv:1910.05453},
  year={2019}
}

@article{schneider2019wav2vec,
  title={wav2vec: Unsupervised pre-training for speech recognition},
  author={Schneider, Steffen and Baevski, Alexei and Collobert, Ronan and Auli, Michael},
  journal={arXiv preprint arXiv:1904.05862},
  year={2019}
}

@article{zeineldeen2022improving,
  title={Improving the Training Recipe for a Robust Conformer-based Hybrid Model},
  author={Zeineldeen, Mohammad and Xu, Jingjing and L{\"u}scher, Christoph and Schl{\"u}ter, Ralf and Ney, Hermann},
  journal={arXiv preprint arXiv:2206.12955},
  year={2022}
}

@article{deng2021improving,
  title={Improving accent identification and accented speech recognition under a framework of self-supervised learning},
  author={Deng, Keqi and Cao, Songjun and Ma, Long},
  journal={arXiv preprint arXiv:2109.07349},
  year={2021}
}

@INPROCEEDINGS{9413386,
  author={Shi, Xian and Yu, Fan and Lu, Yizhou and Liang, Yuhao and Feng, Qiangze and Wang, Daliang and Qian, Yanmin and Xie, Lei},
  booktitle={ICASSP 2021 - 2021 IEEE International Conference on Acoustics, Speech and Signal Processing (ICASSP)}, 
  title={The Accented English Speech Recognition Challenge 2020: Open Datasets, Tracks, Baselines, Results and Methods}, 
  year={2021},
  volume={},
  number={},
  pages={6918-6922},
  doi={10.1109/ICASSP39728.2021.9413386}}
  
  
  @INPROCEEDINGS{9746377,  author={Zeineldeen, Mohammad and Xu, Jingjing and Lüscher, Christoph and Michel, Wilfried and Gerstenberger, Alexander and Schlüter, Ralf and Ney, Hermann},  booktitle={ICASSP 2022 - 2022 IEEE International Conference on Acoustics, Speech and Signal Processing (ICASSP)},   title={Conformer-Based Hybrid ASR System For Switchboard Dataset},   year={2022},  volume={},  number={},  pages={7437-7441},  doi={10.1109/ICASSP43922.2022.9746377}}
  
  
  @inproceedings{rao2017exploring,
  title={Exploring architectures, data and units for streaming end-to-end speech recognition with rnn-transducer},
  author={Rao, Kanishka and Sak, Ha{\c{s}}im and Prabhavalkar, Rohit},
  booktitle={2017 IEEE Automatic Speech Recognition and Understanding Workshop (ASRU)},
  pages={193--199},
  year={2017},
  organization={IEEE}
}

@article{shor2019personalizing,
  title={Personalizing ASR for dysarthric and accented speech with limited data},
  author={Shor, Joel and Emanuel, Dotan and Lang, Oran and Tuval, Omry and Brenner, Michael and Cattiau, Julie and Vieira, Fernando and McNally, Maeve and Charbonneau, Taylor and Nollstadt, Melissa and others},
  journal={arXiv preprint arXiv:1907.13511},
  year={2019}
}

@inproceedings{viglino2019end,
  title={End-to-End Accented Speech Recognition.},
  author={Viglino, Thibault and Motlicek, Petr and Cernak, Milos},
  booktitle={Interspeech},
  pages={2140--2144},
  year={2019}
}


@INPROCEEDINGS{8268935,
  author={Rao, Kanishka and Sak, Haşim and Prabhavalkar, Rohit},
  booktitle={2017 IEEE Automatic Speech Recognition and Understanding Workshop (ASRU)}, 
  title={Exploring architectures, data and units for streaming end-to-end speech recognition with RNN-transducer}, 
  year={2017},
  volume={},
  number={},
  pages={193-199},
  doi={10.1109/ASRU.2017.8268935}}
  
  
  
  @INPROCEEDINGS{8682336,
  author={He, Yanzhang and Sainath, Tara N. and Prabhavalkar, Rohit and McGraw, Ian and Alvarez, Raziel and Zhao, Ding and Rybach, David and Kannan, Anjuli and Wu, Yonghui and Pang, Ruoming and Liang, Qiao and Bhatia, Deepti and Shangguan, Yuan and Li, Bo and Pundak, Golan and Sim, Khe Chai and Bagby, Tom and Chang, Shuo-yiin and Rao, Kanishka and Gruenstein, Alexander},
  booktitle={ICASSP 2019 - 2019 IEEE International Conference on Acoustics, Speech and Signal Processing (ICASSP)}, 
  title={Streaming End-to-end Speech Recognition for Mobile Devices}, 
  year={2019},
  volume={},
  number={},
  pages={6381-6385},
  doi={10.1109/ICASSP.2019.8682336}}
  
  
  
  @inproceedings{amodei2016deep,
  title={Deep speech 2: End-to-end speech recognition in english and mandarin},
  author={Amodei, Dario and Ananthanarayanan, Sundaram and Anubhai, Rishita and Bai, Jingliang and Battenberg, Eric and Case, Carl and Casper, Jared and Catanzaro, Bryan and Cheng, Qiang and Chen, Guoliang and others},
  booktitle={International conference on machine learning},
  pages={173--182},
  year={2016},
  organization={PMLR}
}


@article{hinsvark2021accented,
  title={Accented speech recognition: A survey},
  author={Hinsvark, Arthur and Delworth, Natalie and Del Rio, Miguel and McNamara, Quinten and Dong, Joshua and Westerman, Ryan and Huang, Michelle and Palakapilly, Joseph and Drexler, Jennifer and Pirkin, Ilya and others},
  journal={arXiv preprint arXiv:2104.10747},
  year={2021}
}
  
   @article{das2021best,
  title={Best of both worlds: Robust accented speech recognition with adversarial transfer learning},
  author={Das, Nilaksh and Bodapati, Sravan and Sunkara, Monica and Srinivasan, Sundararajan and Chau, Duen Horng},
  journal={arXiv preprint arXiv:2103.05834},
  year={2021}
}




