@article{suominen2019annif,
  author = {Suominen, Osma},
  year = {2019},
  title = {Annif: DIY automated subject indexing using multiple algorithms},
  volume = {29},
  journal = {LIBER Quarterly},
  doi = {10.18352/lq.10285}
}

@article{shen2018web,
  title={A Web-scale system for scientific knowledge exploration},
  author={Shen, Zhihong and Ma, Hao and Wang, Kuansan},
  journal={arXiv preprint arXiv:1805.12216},
  year={2018}
}

@article{morris2010individual,
  title={Individual differences in the interpretation of text: Implications for information science},
  author={Morris, Jane},
  journal={Journal of the American Society for information Science and Technology},
  volume={61},
  number={1},
  pages={141--149},
  year={2010},
  publisher={Wiley Online Library}
}

@article{medelyan2008domain,
  title={Domain-independent automatic keyphrase indexing with small training sets},
  author={Medelyan, Olena and Witten, Ian H},
  journal={Journal of the American Society for Information Science and Technology},
  volume={59},
  number={7},
  pages={1026--1040},
  year={2008},
  publisher={Wiley Online Library}
}

@inproceedings{medelyan2009human,
  title={Human-competitive tagging using automatic keyphrase extraction},
  author={Medelyan, Olena and Frank, Eibe and Witten, Ian H},
  booktitle={Proceedings of the 2009 conference on empirical methods in natural language processing},
  pages={1318--1327},
  year={2009}
}

@inproceedings{medelyan2006thesaurus,
  title={Thesaurus based automatic keyphrase indexing},
  author={Medelyan, Olena and Witten, Ian H},
  booktitle={Proceedings of the 6th ACM/IEEE-CS joint conference on Digital libraries},
  pages={296--297},
  year={2006}
}

@article{toepfer2020fusion,
  title={Fusion architectures for automatic subject indexing under concept drift},
  author={Toepfer, Martin and Seifert, Christin},
  journal={International Journal on Digital Libraries},
  volume={21},
  number={2},
  pages={169--189},
  year={2020},
  publisher={Springer}
}

@inproceedings{akbik2018contextual,
  title={Contextual string embeddings for sequence labeling},
  author={Akbik, Alan and Blythe, Duncan and Vollgraf, Roland},
  booktitle={Proceedings of the 27th international conference on computational linguistics},
  pages={1638--1649},
  year={2018}
}

@article{rolnick2017deep,
  title={Deep learning is robust to massive label noise},
  author={Rolnick, David and Veit, Andreas and Belongie, Serge and Shavit, Nir},
  journal={arXiv preprint arXiv:1705.10694},
  year={2017}
}

@article{mikolov2013distributed,
  title={Distributed representations of words and phrases and their compositionality},
  author={Mikolov, Tomas and Sutskever, Ilya and Chen, Kai and Corrado, Greg and Dean, Jeffrey},
  journal={arXiv preprint arXiv:1310.4546},
  year={2013}
}

@article{mikolov2013efficient,
  title={Efficient estimation of word representations in vector space},
  author={Mikolov, Tomas and Chen, Kai and Corrado, Greg and Dean, Jeffrey},
  journal={arXiv preprint arXiv:1301.3781},
  year={2013}
}

@article{karimi2020deep,
  title={Deep learning with noisy labels: Exploring techniques and remedies in medical image analysis},
  author={Karimi, Davood and Dou, Haoran and Warfield, Simon K and Gholipour, Ali},
  journal={Medical Image Analysis},
  volume={65},
  pages={101759},
  year={2020},
  publisher={Elsevier}
}

@inproceedings{faerber2019microsoft,
  title={The microsoft academic knowledge graph: a linked data source with 8 billion triples of scholarly data},
  author={F{\"a}rber, Michael},
  booktitle={International Semantic Web Conference},
  pages={113--129},
  year={2019},
  organization={Springer}
}

@inproceedings{chen2019understanding,
  title={Understanding and utilizing deep neural networks trained with noisy labels},
  author={Chen, Pengfei and Liao, Ben Ben and Chen, Guangyong and Zhang, Shengyu},
  booktitle={International Conference on Machine Learning},
  pages={1062--1070},
  year={2019},
  organization={PMLR}
}

@article{beltagy2019scibert,
  title={SciBERT: A pretrained language model for scientific text},
  author={Beltagy, Iz and Lo, Kyle and Cohan, Arman},
  journal={arXiv preprint arXiv:1903.10676},
  year={2019}
}

@inproceedings{arpit2017closer,
  title={A closer look at memorization in deep networks},
  author={Arpit, Devansh and Jastrzebski, Stanislaw and Ballas, Nicolas and Krueger, David and Bengio, Emmanuel and Kanwal, Maxinder S and Maharaj, Tegan and Fischer, Asja and Courville, Aaron and Bengio, Yoshua and others},
  booktitle={International Conference on Machine Learning},
  pages={233--242},
  year={2017},
  organization={PMLR}
}

@inproceedings{dong2017century,
  title={A century of science: Globalization of scientific collaborations, citations, and innovations},
  author={Dong, Yuxiao and Ma, Hao and Shen, Zhihong and Wang, Kuansan},
  booktitle={Proceedings of the 23rd ACM SIGKDD international conference on knowledge discovery and data mining},
  pages={1437--1446},
  year={2017}
}

@article{witten2008effective,
  title={An effective, low-cost measure of semantic relatedness obtained from Wikipedia links},
  author={Witten, Ian H and Milne, David N},
  year={2008},
  journal={AAAI press}
}

@inproceedings{sanderson1999deriving,
  title={Deriving concept hierarchies from text},
  author={Sanderson, Mark and Croft, Bruce},
  booktitle={Proceedings of the 22nd annual international ACM SIGIR conference on Research and development in information retrieval},
  pages={206--213},
  year={1999}
}

@article{golub2019automatic,
  title={Automatic subject indexing of text},
  author={Golub, Koraljka},
  journal={KO KNOWLEDGE ORGANIZATION},
  volume={46},
  number={2},
  pages={104--121},
  year={2019},
  publisher={Nomos Verlagsgesellschaft mbH \& Co. KG}
}

@inproceedings{kasprzik2020putting,
  title={Putting Research-based Machine Learning Solutions for Subject Indexing into Practice.},
  author={Kasprzik, Anna},
  booktitle={Qurator},
  year={2020}
}

@book{hapke2019natural,
  title={Natural Language Processing in Action: Understanding, analyzing, and generating text with Python},
  author={Hapke, Hannes and Howard, Cole and Lane, Hobson},
  year={2019},
  publisher={Simon and Schuster}
}

@inproceedings{akbik2019flair,
  title={FLAIR: An easy-to-use framework for state-of-the-art NLP},
  author={Akbik, Alan and Bergmann, Tanja and Blythe, Duncan and Rasul, Kashif and Schweter, Stefan and Vollgraf, Roland},
  booktitle={{NAACL} 2019, 2019 Annual Conference of the North American Chapter of the Association for Computational Linguistics (Demonstrations)},
  pages={54--59},
  year={2019}
}

@incollection{fellbaum2010wordnet,
  title={WordNet},
  author={Fellbaum, Christiane},
  booktitle={Theory and applications of ontology: computer applications},
  pages={231--243},
  year={2010},
  publisher={Springer}
}

@inproceedings{zeman2018conll,
  title={CoNLL 2018 shared task: Multilingual parsing from raw text to universal dependencies},
  author={Zeman, Daniel and Hajic, Jan and Popel, Martin and Potthast, Martin and Straka, Milan and Ginter, Filip and Nivre, Joakim and Petrov, Slav},
  booktitle={Proceedings of the CoNLL 2018 Shared Task: Multilingual parsing from raw text to universal dependencies},
  pages={1--21},
  year={2018}
}

@book{barton2004creating,
  title={Creating an institutional repository: LEADIRS workbook},
  author={Barton, Mary R and Waters, Margaret M},
  year={2004},
  publisher={MIT Libraries}
}

@inproceedings{slonim2002unsupervised,
  title={Unsupervised document classification using sequential information maximization},
  author={Slonim, Noam and Friedman, Nir and Tishby, Naftali},
  booktitle={Proceedings of the 25th annual international ACM SIGIR conference on Research and development in information retrieval},
  pages={129--136},
  year={2002}
}

@article{khoo2015augmenting,
  title={Augmenting Dublin core digital library metadata with Dewey decimal classification},
  author={Khoo, Michael John and Ahn, Jae-wook and Binding, Ceri and Jones, Hilary Jane and Lin, Xia and Massam, Diana and Tudhope, Douglas},
  journal={Journal of Documentation},
  year={2015},
  publisher={Emerald Group Publishing Limited}
}

@article{wartena2012automatic,
  title={Automatic classification of scientific records using the German Subject Heading Authority File (SWD)},
  author={Wartena, Christian and Sommer, Maike},
  year={2012}
}

@article{godby2001wordsmith,
  title={The WordSmith indexing system},
  author={Godby, C Jean and Reighart, Ray R},
  journal={Journal of library administration},
  volume={34},
  number={3-4},
  pages={375--385},
  year={2001},
  publisher={Taylor \& Francis}
}

@inproceedings{chen2000bringing,
  title={Bringing order to the web: Automatically categorizing search results},
  author={Chen, Hao and Dumais, Susan},
  booktitle={Proceedings of the SIGCHI conference on Human factors in computing systems},
  pages={145--152},
  year={2000}
}

@article{song2011intelligent,
  title={Intelligent information retrieval system using automatic thesaurus construction},
  author={Song, Wei and Yang, Jucheng and Li, Chenghua and Park, Sooncheol},
  journal={International Journal of General Systems},
  volume={40},
  number={04},
  pages={395--415},
  year={2011},
  publisher={Taylor \& Francis}
}

@article{sebastianini2002machine,
  title={Machine learning in automated text categorization},
  author={Sebastiani, Fabrizio},
  journal={ACM computing surveys (CSUR)},
  volume={34},
  number={1},
  pages={1--47},
  year={2002},
  publisher={ACM New York, NY, USA}
}

@article{yang1999evaluation,
  title={An evaluation of statistical approaches to text categorization},
  author={Yang, Yiming},
  journal={Information retrieval},
  volume={1},
  number={1},
  pages={69--90},
  year={1999},
  publisher={Springer}
}

@article{pouliquen2006automatic,
  title={Automatic annotation of multilingual text collections with a conceptual thesaurus},
  author={Pouliquen, Bruno and Steinberger, Ralf and Ignat, Camelia},
  journal={arXiv preprint cs/0609059},
  year={2006}
}

@article{zhang2015character,
  title={Character-level convolutional networks for text classification},
  author={Zhang, Xiang and Zhao, Junbo and LeCun, Yann},
  journal={arXiv preprint arXiv:1509.01626},
  year={2015}
}

@inproceedings{galke2017using,
  title={Using titles vs. full-text as source for automated semantic document annotation},
  author={Galke, Lukas and Mai, Florian and Schelten, Alan and Brunsch, Dennis and Scherp, Ansgar},
  booktitle={Proceedings of the Knowledge Capture Conference},
  pages={1--4},
  year={2017}
}

@article{luaces2012binary,
  title={Binary relevance efficacy for multilabel classification},
  author={Luaces, Oscar and D{\'\i}ez, Jorge and Barranquero, Jos{\'e} and del Coz, Juan Jos{\'e} and Bahamonde, Antonio},
  journal={Progress in Artificial Intelligence},
  volume={1},
  number={4},
  pages={303--313},
  year={2012},
  publisher={Springer}
}

@inproceedings{nishioka2016profiling,
  title={Profiling vs. time vs. content: What does matter for top-k publication recommendation based on Twitter profiles?},
  author={Nishioka, Chifumi and Scherp, Ansgar},
  booktitle={2016 IEEE/ACM Joint Conference on Digital Libraries (JCDL)},
  pages={171--180},
  year={2016},
  organization={IEEE}
}

@inproceedings{mai2018using,
  title={Using deep learning for title-based semantic subject indexing to reach competitive performance to full-text},
  author={Mai, Florian and Galke, Lukas and Scherp, Ansgar},
  booktitle={Proceedings of the 18th ACM/IEEE on Joint Conference on Digital Libraries},
  pages={169--178},
  year={2018}
}

@inproceedings{kim2010semeval,
  title={Semeval-2010 task 5: Automatic keyphrase extraction from scientific articles},
  author={Kim, Su Nam and Medelyan, Olena and Kan, Min-Yen and Baldwin, Timothy},
  booktitle={Proceedings of the 5th International Workshop on Semantic Evaluation},
  pages={21--26},
  year={2010}
}

@inproceedings{csomai2007investigations,
  title={Investigations in Unsupervised Back-of-the-Book Indexing.},
  author={Csomai, Andr{\'a}s and Mihalcea, Rada},
  booktitle={FLAIRS Conference},
  pages={211--216},
  year={2007}
}

@techreport{salton1987term,
  title={Term weighting approaches in automatic text retrieval},
  author={Salton, Gerard and Buckley, Chris},
  year={1987},
  institution={Cornell University}
}

@article{erbs2013bringing,
  title={Bringing order to digital libraries: From keyphrase extraction to index term assignment},
  author={Erbs, Nicolai and Gurevych, Iryna and Rittberger, Marc},
  journal={D-Lib Magazine},
  volume={19},
  number={9/10},
  pages={1--16},
  year={2013},
  publisher={Corporation for National Research Initiatives}
}

@article{hulst2020rel,
   title={REL: An Entity Linker Standing on the Shoulders of Giants},
   url={http://dx.doi.org/10.1145/3397271.3401416},
   DOI={10.1145/3397271.3401416},
   journal={Proceedings of the 43rd International ACM SIGIR Conference on Research and Development in Information Retrieval},
   publisher={ACM},
   author={van Hulst, Johannes M. and Hasibi, Faegheh and Dercksen, Koen and Balog, Krisztian and de Vries, Arjen P.},
   year={2020},
   month={Jul}
}

@inproceedings{wehrmann2018hierarchical,
  title={Hierarchical multi-label classification networks},
  author={Wehrmann, Jonatas and Cerri, Ricardo and Barros, Rodrigo},
  booktitle={International Conference on Machine Learning},
  pages={5075--5084},
  year={2018},
  organization={PMLR}
}

@article{gargiulo2019deep,
  title={Deep neural network for hierarchical extreme multi-label text classification},
  author={Gargiulo, Francesco and Silvestri, Stefano and Ciampi, Mario and De Pietro, Giuseppe},
  journal={Applied Soft Computing},
  volume={79},
  pages={125--138},
  year={2019},
  publisher={Elsevier}
}

@inproceedings{shimura2018hft,
  title={HFT-CNN: Learning hierarchical category structure for multi-label short text categorization},
  author={Shimura, Kazuya and Li, Jiyi and Fukumoto, Fumiyo},
  booktitle={Proceedings of the 2018 Conference on Empirical Methods in Natural Language Processing},
  pages={811--816},
  year={2018}
}

@article{zhao2021evaluating,
  title={Evaluating multi-label classifiers with noisy labels},
  author={Zhao, Wenting and Gomes, Carla},
  journal={arXiv preprint arXiv:2102.08427},
  year={2021}
}

@inproceedings{lanchantin2019neural,
  title={Neural message passing for multi-label classification},
  author={Lanchantin, Jack and Sekhon, Arshdeep and Qi, Yanjun},
  booktitle={Joint European Conference on Machine Learning and Knowledge Discovery in Databases},
  pages={138--163},
  year={2019},
  organization={Springer}
}

@inproceedings{kim2014convolutional,
  title={Convolutional neural network for sentence classification},
  author={Kim, Y},
  year={2014},
  booktitle={Proceedings of the 2014 Conference on Empirical Methods in Natural Language Processing (EMNLP)},
  pages={1746-–1751},
  publisher={Association for Computational Linguistics}
}

@article{scarselli2008graph,
  title={The graph neural network model},
  author={Scarselli, Franco and Gori, Marco and Tsoi, Ah Chung and Hagenbuchner, Markus and Monfardini, Gabriele},
  journal={IEEE transactions on neural networks},
  volume={20},
  number={1},
  pages={61--80},
  year={2008},
  publisher={IEEE}
}

@inproceedings{banerjee2019hierarchical,
  title={Hierarchical transfer learning for multi-label text classification},
  author={Banerjee, Siddhartha and Akkaya, Cem and Perez-Sorrosal, Francisco and Tsioutsiouliklis, Kostas},
  booktitle={Proceedings of the 57th Annual Meeting of the Association for Computational Linguistics},
  pages={6295--6300},
  year={2019}
}

@article{ben2020asymmetric,
  title={Asymmetric loss for multi-label classification},
  author={Ben-Baruch, Emanuel and Ridnik, Tal and Zamir, Nadav and Noy, Asaf and Friedman, Itamar and Protter, Matan and Zelnik-Manor, Lihi},
  journal={arXiv preprint arXiv:2009.14119},
  year={2020}
}

@article{mikolov2017advances,
  title={Advances in pre-training distributed word representations},
  author={Mikolov, Tomas and Grave, Edouard and Bojanowski, Piotr and Puhrsch, Christian and Joulin, Armand},
  journal={arXiv preprint arXiv:1712.09405},
  year={2017}
}

@inproceedings{giraldo2015evaluation,
  title={Evaluation of example-based measures for multi-label classification performance},
  author={Giraldo-Forero, Andr{\'e}s Felipe and Jaramillo-Garz{\'o}n, Jorge Alberto and Castellanos-Dom{\'\i}nguez, C{\'e}sar Germ{\'a}n},
  booktitle={International Conference on Bioinformatics and Biomedical Engineering},
  pages={557--564},
  year={2015},
  organization={Springer}
}

@article{kosmopoulos2015evaluation,
  title={Evaluation measures for hierarchical classification: a unified view and novel approaches},
  author={Kosmopoulos, Aris and Partalas, Ioannis and Gaussier, Eric and Paliouras, Georgios and Androutsopoulos, Ion},
  journal={Data Mining and Knowledge Discovery},
  volume={29},
  number={3},
  pages={820--865},
  year={2015},
  publisher={Springer}
}

@article{giunchiglia2020coherent,
  title={Coherent hierarchical multi-label classification networks},
  author={Giunchiglia, Eleonora and Lukasiewicz, Thomas},
  journal={Advances in Neural Information Processing Systems},
  volume={33},
  pages={9662--9673},
  year={2020}
}

@article{devlin2018bert,
  title={Bert: Pre-training of deep bidirectional transformers for language understanding},
  author={Devlin, Jacob and Chang, Ming-Wei and Lee, Kenton and Toutanova, Kristina},
  journal={arXiv preprint arXiv:1810.04805},
  year={2018}
}

@inproceedings{pennington2014glove,
  title={Glove: Global vectors for word representation},
  author={Pennington, Jeffrey and Socher, Richard and Manning, Christopher D},
  booktitle={Proceedings of the 2014 conference on empirical methods in natural language processing (EMNLP)},
  pages={1532--1543},
  year={2014}
}

@article{levy2015improving,
    title = "Improving Distributional Similarity with Lessons Learned from Word Embeddings",
    author = "Levy, Omer  and
      Goldberg, Yoav  and
      Dagan, Ido",
    journal = "Transactions of the Association for Computational Linguistics",
    volume = "3",
    year = "2015",
    address = "Cambridge, MA",
    publisher = "MIT Press",
    url = "https://aclanthology.org/Q15-1016",
    doi = "10.1162/tacl_a_00134",
    pages = "211--225",
    abstract = "Recent trends suggest that neural-network-inspired word embedding models outperform traditional count-based distributional models on word similarity and analogy detection tasks. We reveal that much of the performance gains of word embeddings are due to certain system design choices and hyperparameter optimizations, rather than the embedding algorithms themselves. Furthermore, we show that these modifications can be transferred to traditional distributional models, yielding similar gains. In contrast to prior reports, we observe mostly local or insignificant performance differences between the methods, with no global advantage to any single approach over the others.",
}

@article{vaswani2017attention,
  title={Attention is all you need},
  author={Vaswani, Ashish and Shazeer, Noam and Parmar, Niki and Uszkoreit, Jakob and Jones, Llion and Gomez, Aidan N and Kaiser, {\L}ukasz and Polosukhin, Illia},
  journal={Advances in neural information processing systems},
  volume={30},
  year={2017}
}

@inproceedings{bender2021dangers,
  title={On the Dangers of Stochastic Parrots: Can Language Models Be Too Big?��},
  author={Bender, Emily M and Gebru, Timnit and McMillan-Major, Angelina and Shmitchell, Shmargaret},
  booktitle={Proceedings of the 2021 ACM Conference on Fairness, Accountability, and Transparency},
  pages={610--623},
  year={2021}
}

@article{srivastava2014dropout,
  title={Dropout: a simple way to prevent neural networks from overfitting},
  author={Srivastava, Nitish and Hinton, Geoffrey and Krizhevsky, Alex and Sutskever, Ilya and Salakhutdinov, Ruslan},
  journal={The journal of machine learning research},
  volume={15},
  number={1},
  pages={1929--1958},
  year={2014},
  publisher={JMLR. org}
}

@inproceedings{smith2017cyclical,
  title={Cyclical learning rates for training neural networks},
  author={Smith, Leslie N},
  booktitle={2017 IEEE winter conference on applications of computer vision (WACV)},
  pages={464--472},
  year={2017},
  organization={IEEE}
}

@book{hinton1999unsupervised,
  title={Unsupervised learning: foundations of neural computation},
  author={Hinton, Geoffrey and Sejnowski, Terrence J},
  year={1999},
  publisher={MIT press}
}

@inproceedings{liu2017deep,
  title={Deep learning for extreme multi-label text classification},
  author={Liu, Jingzhou and Chang, Wei-Cheng and Wu, Yuexin and Yang, Yiming},
  booktitle={Proceedings of the 40th international ACM SIGIR conference on research and development in information retrieval},
  pages={115--124},
  year={2017}
}

@article{ba2016layer,
  title={Layer normalization},
  author={Ba, Jimmy Lei and Kiros, Jamie Ryan and Hinton, Geoffrey E},
  journal={arXiv preprint arXiv:1607.06450},
  year={2016}
}

@inproceedings{liu2019towards,
    title = "Towards Explainable {NLP}: A Generative Explanation Framework for Text Classification",
    author = "Liu, Hui  and Yin, Qingyu  and Wang, William Yang",
    booktitle = "Proceedings of the 57th Annual Meeting of the Association for Computational Linguistics",
    month = "July",
    year = "2019",
    address = "Florence, Italy",
    publisher = "Association for Computational Linguistics",
    url = "https://aclanthology.org/P19-1560",
    doi = "10.18653/v1/P19-1560",
    pages = "5570--5581",
}

@inproceedings{heryawan2021medical,
  title={Medical Subject Headings (MeSH) Indexing Using Unsupervised Learningfor Low-resource Controlled Vocabulary},
  author={Heryawan, Lukman and Subiantoro, Ardacandra},
  booktitle={The 2021 International Conference on Computer, Control, Informatics and Its Applications},
  pages={31--34},
  year={2021}
}

@article{blei2003latent,
  title={Latent dirichlet allocation},
  author={Blei, David M and Ng, Andrew Y and Jordan, Michael I},
  journal={Journal of machine Learning research},
  volume={3},
  number={Jan},
  pages={993--1022},
  year={2003}
}

@article{jiang2012fsknn,
  title={FSKNN: multi-label text categorization based on fuzzy similarity and k nearest neighbors},
  author={Jiang, Jung-Yi and Tsai, Shian-Chi and Lee, Shie-Jue},
  journal={Expert Systems with Applications},
  volume={39},
  number={3},
  pages={2813--2821},
  year={2012},
  publisher={Elsevier}
}

@article{russakovsky2015imagenet,
  title={Imagenet large scale visual recognition challenge},
  author={Russakovsky, Olga and Deng, Jia and Su, Hao and Krause, Jonathan and Satheesh, Sanjeev and Ma, Sean and Huang, Zhiheng and Karpathy, Andrej and Khosla, Aditya and Bernstein, Michael and others},
  journal={International journal of computer vision},
  volume={115},
  number={3},
  pages={211--252},
  year={2015},
  publisher={Springer}
}
